<?xml version="1.0" encoding="UTF-8"?>
  <record xmlns="http://www.loc.gov/MARC21/slim" type="Authority">
    <leader>00000nz  a2200000nc 4500</leader>
    <controlfield tag="001">128463732</controlfield>
    <controlfield tag="003">DE-101</controlfield>
    <controlfield tag="005">20200205144834.0</controlfield>
    <controlfield tag="008">031103n||azznnaabn           | aaa    |c</controlfield>
    <datafield tag="024" ind1="7" ind2=" ">
      <subfield code="a">128463732</subfield>
      <subfield code="0">http://d-nb.info/gnd/128463732</subfield>
      <subfield code="2">gnd</subfield>
    </datafield>
    <datafield tag="024" ind1="7" ind2=" ">
      <subfield code="a">no91014994</subfield>
      <subfield code="2">lccn</subfield>
    </datafield>
    <datafield tag="024" ind1="7" ind2=" ">
      <subfield code="a">29095866</subfield>
      <subfield code="2">viaf</subfield>
    </datafield>
    <datafield tag="035" ind1=" " ind2=" ">
      <subfield code="a">(DE-101)128463732</subfield>
    </datafield>
    <datafield tag="035" ind1=" " ind2=" ">
      <subfield code="a">(DE-588)128463732</subfield>
    </datafield>
    <datafield tag="035" ind1=" " ind2=" ">
      <subfield code="z">(DE-588a)128463732</subfield>
      <subfield code="9">v:zg</subfield>
    </datafield>
    <datafield tag="040" ind1=" " ind2=" ">
      <subfield code="a">DE-12</subfield>
      <subfield code="c">DE-12</subfield>
      <subfield code="9">r:DE-12</subfield>
      <subfield code="b">ger</subfield>
      <subfield code="d">7777</subfield>
    </datafield>
    <datafield tag="042" ind1=" " ind2=" ">
      <subfield code="a">gnd1</subfield>
    </datafield>
    <datafield tag="043" ind1=" " ind2=" ">
      <subfield code="c">XA-IT</subfield>
    </datafield>
    <datafield tag="065" ind1=" " ind2=" ">
      <subfield code="a">16.5p</subfield>
      <subfield code="2">sswd</subfield>
    </datafield>
    <datafield tag="065" ind1=" " ind2=" ">
      <subfield code="a">12.2p</subfield>
      <subfield code="2">sswd</subfield>
    </datafield>
    <datafield tag="075" ind1=" " ind2=" ">
      <subfield code="b">p</subfield>
      <subfield code="2">gndgen</subfield>
    </datafield>
    <datafield tag="075" ind1=" " ind2=" ">
      <subfield code="b">piz</subfield>
      <subfield code="2">gndspec</subfield>
    </datafield>
    <datafield tag="079" ind1=" " ind2=" ">
      <subfield code="a">g</subfield>
      <subfield code="q">a</subfield>
      <subfield code="q">f</subfield>
      <subfield code="q">s</subfield>
    </datafield>
    <datafield tag="100" ind1="1" ind2=" ">
      <subfield code="a">Bianchi, Michele</subfield>
      <subfield code="d">1603-1667</subfield>
    </datafield>
    <datafield tag="375" ind1=" " ind2=" ">
      <subfield code="a">1</subfield>
      <subfield code="2">iso5218</subfield>
    </datafield>
    <datafield tag="400" ind1="1" ind2=" ">
      <subfield code="a">Vimina, Alberto</subfield>
      <subfield code="d">1603-1667</subfield>
      <subfield code="4">pseu</subfield>
      <subfield code="4">https://d-nb.info/standards/elementset/gnd#pseudonym</subfield>
      <subfield code="w">r</subfield>
      <subfield code="i">Pseudonym</subfield>
      <subfield code="e">Pseudonym</subfield>
    </datafield>
    <datafield tag="510" ind1="2" ind2=" ">
      <subfield code="0">(DE-101)000806536</subfield>
      <subfield code="0">(DE-588)80653-5</subfield>
      <subfield code="0">https://d-nb.info/gnd/80653-5</subfield>
      <subfield code="a">Partito Nazionale Fascista</subfield>
      <subfield code="4">affi</subfield>
      <subfield code="4">https://d-nb.info/standards/elementset/gnd#affiliation</subfield>
      <subfield code="w">r</subfield>
      <subfield code="i">Affiliation</subfield>
      <subfield code="e">Affiliation</subfield>
    </datafield>
    <datafield tag="548" ind1=" " ind2=" ">
      <subfield code="a">1603-1667</subfield>
      <subfield code="4">datl</subfield>
      <subfield code="4">https://d-nb.info/standards/elementset/gnd#dateOfBirthAndDeath</subfield>
      <subfield code="w">r</subfield>
      <subfield code="i">Lebensdaten</subfield>
    </datafield>
    <datafield tag="548" ind1=" " ind2=" ">
      <subfield code="a">22.07.1883-03.02.1930</subfield>
      <subfield code="4">datx</subfield>
      <subfield code="4">https://d-nb.info/standards/elementset/gnd#dateOfBirthAndDeath</subfield>
      <subfield code="w">r</subfield>
      <subfield code="i">Exakte Lebensdaten</subfield>
    </datafield>
    <datafield tag="550" ind1=" " ind2=" ">
      <subfield code="0">(DE-101)040250989</subfield>
      <subfield code="0">(DE-588)4025098-2</subfield>
      <subfield code="0">https://d-nb.info/gnd/4025098-2</subfield>
      <subfield code="a">Historiker</subfield>
      <subfield code="4">berc</subfield>
      <subfield code="4">https://d-nb.info/standards/elementset/gnd#professionOrOccupation</subfield>
      <subfield code="w">r</subfield>
      <subfield code="i">Charakteristischer Beruf</subfield>
    </datafield>
    <datafield tag="550" ind1=" " ind2=" ">
      <subfield code="0">(DE-101)040533093</subfield>
      <subfield code="0">(DE-588)4053309-8</subfield>
      <subfield code="0">https://d-nb.info/gnd/4053309-8</subfield>
      <subfield code="a">Schriftsteller</subfield>
      <subfield code="4">beru</subfield>
      <subfield code="4">https://d-nb.info/standards/elementset/gnd#professionOrOccupation</subfield>
      <subfield code="w">r</subfield>
      <subfield code="i">Beruf</subfield>
    </datafield>
    <datafield tag="551" ind1=" " ind2=" ">
      <subfield code="0">(DE-101)959786163</subfield>
      <subfield code="0">(DE-588)4605513-7</subfield>
      <subfield code="0">https://d-nb.info/gnd/4605513-7</subfield>
      <subfield code="a">Belmonte Calabro</subfield>
      <subfield code="4">ortg</subfield>
      <subfield code="4">https://d-nb.info/standards/elementset/gnd#placeOfBirth</subfield>
      <subfield code="w">r</subfield>
      <subfield code="i">Geburtsort</subfield>
    </datafield>
    <datafield tag="551" ind1=" " ind2=" ">
      <subfield code="0">(DE-101)040504719</subfield>
      <subfield code="0">(DE-588)4050471-2</subfield>
      <subfield code="0">https://d-nb.info/gnd/4050471-2</subfield>
      <subfield code="a">Rom</subfield>
      <subfield code="4">orts</subfield>
      <subfield code="4">https://d-nb.info/standards/elementset/gnd#placeOfDeath</subfield>
      <subfield code="w">r</subfield>
      <subfield code="i">Sterbeort</subfield>
    </datafield>
    <datafield tag="667" ind1=" " ind2=" ">
      <subfield code="a">12</subfield>
    </datafield>
    <datafield tag="667" ind1=" " ind2=" ">
      <subfield code="a">7</subfield>
    </datafield>
    <datafield tag="667" ind1=" " ind2=" ">
      <subfield code="a">VD-17</subfield>
    </datafield>
    <datafield tag="670" ind1=" " ind2=" ">
      <subfield code="a">LoC-NA</subfield>
    </datafield>
    <datafield tag="672" ind1=" " ind2="0">
      <subfield code="a">Vimina, Alberto: La gara. - 1652</subfield>
    </datafield>
    <datafield tag="672" ind1=" " ind2="0">
      <subfield code="a">Vimina, Alberto: Wettstreit. - 1652</subfield>
    </datafield>
    <datafield tag="672" ind1=" " ind2="0">
      <subfield code="a">Vimina, Alberto: Historia delle guerre civili di Polonia. - 1671</subfield>
    </datafield>
    <datafield tag="678" ind1=" " ind2=" ">
      <subfield code="b">publ. unter dem Pseudonym "Alberto Vimina"; Ital. Historiker und Schriftsteller</subfield>
    </datafield>
    <datafield tag="913" ind1=" " ind2=" ">
      <subfield code="S">pnd</subfield>
      <subfield code="i">a</subfield>
      <subfield code="a">Bianchi, Michele</subfield>
      <subfield code="0">(DE-588a)128463732</subfield>
    </datafield>
  </record>
